<record><leader>00000cas a22000007a 4500</leader><controlfield tag="001">16576037</controlfield><controlfield tag="008">870828d18541860pauwr ne      0    0eng d</controlfield><datafield ind1=" " ind2=" " tag="010"><subfield code="a">sn 88080880 </subfield></datafield><datafield ind1=" " ind2=" " tag="040"><subfield code="a">NPH</subfield><subfield code="b">eng</subfield><subfield code="c">NPH</subfield><subfield code="d">OCLCQ</subfield></datafield><datafield ind1=" " ind2=" " tag="042"><subfield code="a">msc</subfield></datafield><datafield ind1="0" ind2=" " tag="130"><subfield code="a">Mariettian (Marietta, Pa. : 1854)</subfield></datafield><datafield ind1="1" ind2="0" tag="245"><subfield code="a">Mariettian.</subfield></datafield><datafield ind1=" " ind2=" " tag="260"><subfield code="a">Marietta, Pa. :</subfield><subfield code="b">Fred'k. L. Baker</subfield></datafield><datafield ind1=" " ind2=" " tag="300"><subfield code="a">v. ;</subfield><subfield code="c">55 cm.</subfield></datafield><datafield ind1=" " ind2=" " tag="310"><subfield code="a">Weekly</subfield></datafield><datafield ind1="1" ind2=" " tag="362"><subfield code="a">Began in 1854; ceased in 1860?</subfield></datafield><datafield ind1=" " ind2=" " tag="588"><subfield code="a">Description based on : vol. 5, no. 1 (May 15, 1858).</subfield></datafield><datafield ind1=" " ind2=" " tag="752"><subfield code="a">United States</subfield><subfield code="b">Pennsylvania</subfield><subfield code="c">Lancaster</subfield><subfield code="d">Marietta.</subfield></datafield><datafield ind1="0" ind2="0" tag="785"><subfield code="t">Weekly Mariettian</subfield><subfield code="w">(DLC)sn 88080883</subfield></datafield></record>